<record><leader>00000cas a2200000 a 4500</leader><controlfield tag="001">37874342</controlfield><controlfield tag="008">971031d19921993caudr ne      0    0eng c</controlfield><datafield ind1=" " ind2=" " tag="010"><subfield code="a">sn 97060483 </subfield></datafield><datafield ind1=" " ind2=" " tag="040"><subfield code="a">CNK</subfield><subfield code="b">eng</subfield><subfield code="c">CNK</subfield><subfield code="d">CNK</subfield><subfield code="d">OCLCQ</subfield><subfield code="d">OCLCF</subfield><subfield code="d">OCLCO</subfield></datafield><datafield ind1="1" ind2=" " tag="029"><subfield code="a">AU@</subfield><subfield code="b">000013613094</subfield></datafield><datafield ind1=" " ind2=" " tag="042"><subfield code="a">pcc</subfield></datafield><datafield ind1=" " ind2=" " tag="043"><subfield code="a">n-us-ca</subfield></datafield><datafield ind1="0" ind2=" " tag="130"><subfield code="a">Star-tribune (Duarte, Calif.)</subfield></datafield><datafield ind1="1" ind2="4" tag="245"><subfield code="a">The star-tribune.</subfield></datafield><datafield ind1=" " ind2=" " tag="260"><subfield code="a">Duarte, Calif. :</subfield><subfield code="b">Pasadena Newspapers, Inc.</subfield></datafield><datafield ind1=" " ind2=" " tag="300"><subfield code="a">v.</subfield></datafield><datafield ind1=" " ind2=" " tag="310"><subfield code="a">Daily</subfield></datafield><datafield ind1="0" ind2=" " tag="362"><subfield code="a">107th year, no. 287 (Oct. 13, 1992)-v. 108, no. 66 (Mar. 7, 1993).</subfield></datafield><datafield ind1=" " ind2=" " tag="500"><subfield code="a">Serves "Arcadia - Monrovia - Temple City - Duarte."</subfield></datafield><datafield ind1=" " ind2=" " tag="530"><subfield code="a">Master negatives are available for duplication from:</subfield><subfield code="b">California Newspaper Microfilm Archive;</subfield><subfield code="c">positive copies may be purchased by the reel; for further information consult the CNMA at:</subfield><subfield code="u">http://cbsr.ucr.edu</subfield></datafield><datafield ind1=" " ind2="0" tag="651"><subfield code="a">Duarte (Calif.)</subfield><subfield code="v">Newspapers.</subfield></datafield><datafield ind1=" " ind2="0" tag="651"><subfield code="a">Monrovia (Calif.)</subfield><subfield code="v">Newspapers.</subfield></datafield><datafield ind1=" " ind2="7" tag="655"><subfield code="a">Newspapers.</subfield><subfield code="2">fast</subfield><subfield code="0">(OCoLC)fst01423814</subfield></datafield><datafield ind1=" " ind2="7" tag="651"><subfield code="a">California</subfield><subfield code="z">Duarte.</subfield><subfield code="2">fast</subfield><subfield code="0">(OCoLC)fst01202716</subfield></datafield><datafield ind1=" " ind2="7" tag="651"><subfield code="a">California</subfield><subfield code="z">Monrovia.</subfield><subfield code="2">fast</subfield><subfield code="0">(OCoLC)fst01226502</subfield></datafield><datafield ind1=" " ind2=" " tag="752"><subfield code="a">United States</subfield><subfield code="b">California</subfield><subfield code="c">Los Angeles</subfield><subfield code="d">Duarte.</subfield></datafield><datafield ind1="0" ind2="0" tag="780"><subfield code="t">Foothill star-tribune</subfield><subfield code="w">(DLC)sn 97060482</subfield></datafield><datafield ind1="0" ind2="4" tag="785"><subfield code="t">Pasadena star-news (Pasadena, Calif. : 1992)</subfield><subfield code="w">(DLC)sn 95061938</subfield></datafield></record>